@article{Torrens1992,
 ISSN = {03063127},
 URL = {http://www.jstor.org/stable/285615},
 author = {Hugh S. Torrens},
 journal = {Social Studies of Science},
 number = {2},
 pages = {245--262},
 publisher = {Sage Publications, Ltd.},
 title = {A Study of 'Failure' with a 'Successful Innovation': Joseph Day and the Two-Stroke Internal-Combustion Engine},
 urldate = {2023-05-19},
 volume = {22},
 year = {1992}
}

@misc{Wipo,
  title = {The role of patents in the history of aviation},
  author = {Intan Hamdan Livrament},
  howpublished = {Web Archive},
  url = {https://www.wipo.int/wipo\_magazine/en/2018/06/article\_0007.html},
  year = {2018},
  note = {Accessed: 2023-05-19}
}

@misc{Craiyon,
  title = {Craiyon, formerly DALLÂ·E mini, is an AI model that can draw images from any text prompt!},
  author = {Boris Dayma},
  url = {https://www.craiyon.com/},
  year = {2022},
  note = {Accessed: 2023-05-19}
}

@misc{Beau1907,
  title = {The 14-bis in its final form in November 1906, with octagonal-planform interplane ailerons},
  author = {Jules Beau},
  url = {https://commons.wikimedia.org/w/index.php?curid=52218556},
  year = {1907},
  note = {Accessed: 2023-05-19}
}

@article{Gagaia1923,
 ISSN = {190010001},
 URL = {http://www.jstor.org/stable/111115},
 author = {Robert S. Gagaia},
 journal = {Physics Science},
 number = {2},
 pages = {105--109},
 publisher = {Sage Publications, Ltd.},
 title = {Branzine Levels in Diverse Environments},
 urldate = {2023-05-19},
 volume = {3},
 year = {1923}
}

@manual{PlumbusManual,
    title = {Plumbus User Manual},
    author = {{Manuals Plus}},
    year = {2022},
    organization = {Plumbus \& Kimble Inc.},
    edition = {1st}
}

@book{Siegel1968,
   title = {Thermal radiation heat transfer},
   author = {Robert Siegel},
   publisher = {National Aeronautics and Space Administration},
   isbn = {},
   year = {1968},
   series = {NASA SP-164},
   edition = {},
   volume = {VOL-3}
}

@incollection{Pimenta1987,
  author = {Renato Pimenta},
  booktitle = {Advancements in Atmospheric Propulsion Technologies},
  title = {Efficient Propulsion Systems for Navigating Turbulent Atmospheric Conditions},
  publisher = {Elsevier},
  year = {1987},
  editor = {Jones, Mary Inc.},
  pages = {45--67},
  chapter = {3},
  address = {London},
  doi = {10.0000/1234567},
  isbn = {978-1-234-56789-0},
}
